@book{ToutenunPCSI_2003,
	author    = {Marie-Noelle Sanz and Anne-Emmanuelle Badel and Francois Clausset},
	title     = {Physique tout-en-un 1ere annee},
	publisher = {Dunod},
	year      = 2003,
}

@book{ToutenunPC_2016,
	author    = {Marie-Noelle Sanz},
	title     = {Physique tout-en-un PC-PC*},
	publisher = {Dunod},
	year      = 2016,
}

@book{ToutenunPSI_2016,
	author    = {Marie-Noelle Sanz},
	title     = {Physique tout-en-un PC-PC*},
	publisher = {Dunod},
	year      = 2016,
}

@book{ToutenunMP_2004,
	author    = {Marie-Noelle Sanz},
	title     = {Physique tout-en-un MP-MP*},
	publisher = {Dunod},
	year      = 2004,
}

@book{Optique_houard,
	author    = {Houard},
	title     = {Optique, une approche experimentale et pratique},
}


@book{Optique_hecht,
	author    = {Hecht},
	title     = {Optique},
}

@book{Optique_perez,
	author    = {Perez},
	title     = {Optique : fondements et applications},
}

@online{app_miscroscope,
    title = "Figure animée d'un microscope",
    author="Genevieve Tulloue",
    url  = "https://www.sciences.univ-nantes.fr/sites/genevieve_tulloue/optiqueGeo/instruments/microscope.php?typanim=Javascript",
}


@online{cohard_confocale,
    title = "La microscopie confocale",
    author="Philippe Cochard",
    url  = "https://trigenotoul.com/wp-content/uploads/2014/09/Confocal-cours.pdf",
}

@online{fluorescence_microscopy,
    title = "Introduction to fluorescence microscopy",
    author="Kenneth Spring",
    url  = "https://www.microscopyu.com/techniques/fluorescence/introduction-to-fluorescence-microscopy",
}

@online{phasecontrast_microscopy,
    title = "Introduction to phase contrastmicroscopy",
    author="Douglas Murphy",
    url  = "https://www.microscopyu.com/techniques/phase-contrast/introduction-to-phase-contrast-microscopy",
}

@online{ClaireLi,
    title = "Étude des propriétés de champ proche et de champ lointain des nano-antennes infrarouges",
    author="Claire Li",
    url  = "https://hal.archives-ouvertes.fr/tel-02493813/document",
}


@book{constrastephase_kastler,
	author    = {Alfred Kastler},
	title     = {La technique du contraste de phase, BUP 367-369},
}

@book{Optique_sextant,
	author    = {Sextant},
	title     = {Optique experimentale},
}


@book{ILM_Faroux,
	author    = {B Cagnac et JP Faroux},
	title     = {Lasers : interaction lumere-atomes},
}

@book{laser_dangoisse,
	author    = {Dangoisse},
	title     = {Lasers, cours et exercices corriges},
}

@book{olivier_ondes,
author={Stéphane Olivier},
title={Physique des ondes : électromagnétisme et optique : (2e année PC, PC-PSI, PSI)},
}

@book{guyon_hydrodynamique,
author={Etienne Guyon},
title={Hydrodynamique physique}
}

@book{physolides_AM,
author={Ashcroft & Mermin},
title={Physique des Solides},
publisher = {EDP Sciences},
year=2002,
}

@book{Diu_thermo,
author={Bernard Diu},
title={Thermodynamique},
publisher = {Hermann},
year=2007,
}

@book{Diu_stat,
author={Bernard Diu},
title={Elements de physique statistique},
publisher = {Hermann},
year=2007,
}


@book{biophysique,
author={Urbach},
title={Approche physique du transport de la matière dans les milieux biologiques},
}

@book{hecht,
author={Hecht},
title={Optique}
}

@book{huard_pola,
author={Huard},
title={Polarisation}
}

@book{Berkeley_ondes,
author={Crawford Frank},
title={Berkeley : cours de physique. 3. Ondes}
}

@book{Thibierge_ondes,
author={Etienne Thibierge},
title={Ondes}
}

@book{Neveu_moteurs,
author={Jeremy Neveu},
title={Moteurs et transformateurs electriques}
}

@book{Neveu_elec,
author={Jeremy Neveu},
title={Electrocinetique}
}

@book{Hprepa_electronique,
title={Electronique},
publisher = {Hprepa}
}

@book{TecDoc_PSI,
title={Physique PSI},
publisher = {Tec et Doc}
}

@book{Perez_EM,
author={Perez},
title={Electromagnétisme}
}

@book{BFR_EM_4,
author={BFR},
title={Electromagnétisme 4 : magnétostatique}
}